@BOOK{Will2015,
	AUTHOR = {Will, Torsten T.},
	YEAR = {2015},
	TITLE = {Einf√ºhrung in C++},
	ADDRESS = {Bonn},
}
